@online{TangentSoft,
    author = "TangentSoft", 
    title = "Virtual Ground Circuits", 
    url = "https://tangentsoft.net/elec/vgrounds.html", 
    urldate = "2022-11-11"      % This is the date we entered the page
}

@online{DRO,
    author = "Z-Communications",
    title = "DRO10000A Datasheet",
    url  = "https://www.zcomm.com/pdfs/datasheets/DRO10000A.pdf",
    urldate = "2022-11-11"
}

@online{HMC,
    author = "Analog Devices",
    title = "HMC694LP4/694LP4E Datasheet",
    url  = "https://www.analog.com/media/en/technical-documentation/data-sheets/hmc694.pdf",
    urldate = "2022-11-11"
}

@online{OpAmp207,
    author = "Texas Instruments",
    title = "OPA207 Datasheet",
    url  = "https://www.ti.com/lit/ds/symlink/opa207.pdf",
    urldate = "2022-11-11"
}

https://www.analog.com/media/en/technical-documentation/data-sheets/1206fb.pdf

@online{OpAmp_LT1206,
    author = "Linear Technologies",
    title = "LT1206",
    url  = "https://www.analog.com/media/en/technical-documentation/data-sheets/1206fb.pdf",
    urldate = "2022-11-11"
}

@online{YAT,
    author = "Mini-Circuits",
    title = "YAT-30A+ Datasheet",
    url = "https://www.minicircuits.com/pdfs/YAT-30A+.pdf",
    urldate = "2022-11-14"
}